%-*- mode: BibTeX;-*-
%Filename:    Xbib.bib
%Authors:     salmanb
%Creation:    Wed Aug 06 11:39:26 2003
%Copyright:   Not supplied
%Description:
------------------------------------------------------------------------

@article{DBLP:journals/corr/abs-0809-3023,
  author    = {Atish Bagchi and
               Charles Wells},
  title     = {Graph-based Logic and Sketches},
  journal   = {CoRR},
  volume    = {abs/0809.3023},
  year      = {2008}
}

@article{DBLP:journals/iandc/DawarGG07,
  author    = {Anuj Dawar and
               Philippa Gardner and
               Giorgio Ghelli},
  title     = {Expressiveness and complexity of graph logic},
  journal   = {Inf. Comput.},
  volume    = {205},
  number    = {3},
  pages     = {263--310},
  year      = {2007}
}

@inproceedings{DBLP:conf/icalp/CardelliGG02,
  author    = {Luca Cardelli and
               Philippa Gardner and
               Giorgio Ghelli},
  title     = {A Spatial Logic for Querying Graphs},
  booktitle = {{ICALP}},
  series    = {Lecture Notes in Computer Science},
  volume    = {2380},
  pages     = {597--610},
  publisher = {Springer},
  year      = {2002}
}

@book{godsil2013algebraic,
  title={Algebraic Graph Theory},
  author={Godsil, C. and Royle, G.F.},
  isbn={9781461301639},
  lccn={00053776},
  series={Graduate Texts in Mathematics},
  url={https://books.google.com/books?id=GeSPBAAAQBAJ},
  year={2013},
  publisher={Springer New York}
}
@book{Holland1975,
	title        = {{Adaptation in natural and artificial systems}},
	author       = {Holland, John H.},
	year         = 1975,
	publisher    = {University of Michigan Press},
	address      = {Michigan, USA},
	pages        = 211
}

@article{DBLP:journals/entcs/MeredithR05,
  author = {L. Gregory Meredith and Matthias Radestock},
  bibsource = {DBLP, http://dblp.uni-trier.de},
  date-added = {2007-05-14 14:24:05 -0500},
  date-modified = {2007-05-14 14:24:06 -0500},
  ee = {http://dx.doi.org/10.1016/j.entcs.2005.05.016},
  journal = {Electr. Notes Theor. Comput. Sci.},
  number = {5},
  pages = {49--67},
  title = {A Reflective Higher-order Calculus.},
  volume = {141},
  year = {2005}
}

@inproceedings{DBLP:conf/tgc/MeredithR05,
  author = {L. Gregory Meredith and Matthias Radestock},
  bibsource = {DBLP, http://dblp.uni-trier.de},
  booktitle = {TGC},
  crossref = {DBLP:journals/entcs/MeredithR05},
  date-added = {2007-05-14 14:24:05 -0500},
  date-modified = {2007-05-14 14:24:06 -0500},
  ee = {http://dx.doi.org/10.1007/11580850_19},
  pages = {353--369},
  title = {Namespace Logic: A Logic for a Reflective Higher-Order Calculus.},
  year = {2005}
}

