%-*- mode: BibTeX;-*-
%Filename:    Xbib.bib
%Authors:     salmanb
%Creation:    Wed Aug 06 11:39:26 2003
%Copyright:   Not supplied
%Description:
------------------------------------------------------------------------

@article{DBLP:journals/corr/abs-0809-3023,
  author    = {Atish Bagchi and
               Charles Wells},
  title     = {Graph-based Logic and Sketches},
  journal   = {CoRR},
  volume    = {abs/0809.3023},
  year      = {2008}
}

@book{chaitin1999unknowable,
  title={The Unknowable},
  author={Chaitin, G.J.},
  isbn={9789814021722},
  lccn={99029345},
  series={Discrete Mathematics and Theoretical Computer Science},
  url={https://books.google.com/books?id=oA4UTwI7x40C},
  year={1999},
  publisher={Springer Singapore}
}

@article{DBLP:journals/jcss/Clouston14,
  author    = {Ranald Clouston},
  title     = {Nominal Lawvere Theories: {A} category theoretic account of equational
               theories with names},
  journal   = {J. Comput. Syst. Sci.},
  volume    = {80},
  number    = {6},
  pages     = {1067--1086},
  year      = {2014},
  url       = {http://dx.doi.org/10.1016/j.jcss.2014.04.002},
  doi       = {10.1016/j.jcss.2014.04.002},
  timestamp = {Fri, 23 May 2014 09:58:47 +0200},
  biburl    = {http://dblp.uni-trier.de/rec/bib/journals/jcss/Clouston14},
  bibsource = {dblp computer science bibliography, http://dblp.org}
}

@article{DBLP:journals/iandc/DawarGG07,
  author    = {Anuj Dawar and
               Philippa Gardner and
               Giorgio Ghelli},
  title     = {Expressiveness and complexity of graph logic},
  journal   = {Inf. Comput.},
  volume    = {205},
  number    = {3},
  pages     = {263--310},
  year      = {2007}
}

@inproceedings{DBLP:conf/icalp/CardelliGG02,
  author    = {Luca Cardelli and
               Philippa Gardner and
               Giorgio Ghelli},
  title     = {A Spatial Logic for Querying Graphs},
  booktitle = {{ICALP}},
  series    = {Lecture Notes in Computer Science},
  volume    = {2380},
  pages     = {597--610},
  publisher = {Springer},
  year      = {2002}
}

@article{DBLP:journals/fac/GabbayP02,
  author    = {Murdoch Gabbay and
               Andrew M. Pitts},
  title     = {A New Approach to Abstract Syntax with Variable Binding},
  journal   = {Formal Asp. Comput.},
  volume    = {13},
  number    = {3-5},
  pages     = {341--363},
  year      = {2002},
  url       = {http://dx.doi.org/10.1007/s001650200016},
  doi       = {10.1007/s001650200016},
  timestamp = {Wed, 25 May 2011 16:32:08 +0200},
  biburl    = {http://dblp.uni-trier.de/rec/bib/journals/fac/GabbayP02},
  bibsource = {dblp computer science bibliography, http://dblp.org}
}

@book{godsil2013algebraic,
  title={Algebraic Graph Theory},
  author={Godsil, C. and Royle, G.F.},
  isbn={9781461301639},
  lccn={00053776},
  series={Graduate Texts in Mathematics},
  url={https://books.google.com/books?id=GeSPBAAAQBAJ},
  year={2013},
  publisher={Springer New York}
}
@book{Holland1975,
	title        = {{Adaptation in natural and artificial systems}},
	author       = {Holland, John H.},
	year         = 1975,
	publisher    = {University of Michigan Press},
	address      = {Michigan, USA},
	pages        = 211
}

@article{DBLP:journals/entcs/MeredithR05,
  author = {L. Gregory Meredith and Matthias Radestock},
  bibsource = {DBLP, http://dblp.uni-trier.de},
  date-added = {2007-05-14 14:24:05 -0500},
  date-modified = {2007-05-14 14:24:06 -0500},
  ee = {http://dx.doi.org/10.1016/j.entcs.2005.05.016},
  journal = {Electr. Notes Theor. Comput. Sci.},
  number = {5},
  pages = {49--67},
  title = {A Reflective Higher-order Calculus.},
  volume = {141},
  year = {2005}
}

@inproceedings{DBLP:conf/tgc/MeredithR05,
  author = {L. Gregory Meredith and Matthias Radestock},
  bibsource = {DBLP, http://dblp.uni-trier.de},
  booktitle = {TGC},
  crossref = {DBLP:journals/entcs/MeredithR05},
  date-added = {2007-05-14 14:24:05 -0500},
  date-modified = {2007-05-14 14:24:06 -0500},
  ee = {http://dx.doi.org/10.1007/11580850_19},
  pages = {353--369},
  title = {Namespace Logic: A Logic for a Reflective Higher-Order Calculus.},
  year = {2005}
}

